@article{biniaz2017approximation,
  title={Approximation algorithms for the unit disk cover problem in 2D and 3D},
  author={Biniaz, Ahmad and Liu, Paul and Maheshwari, Anil and Smid, Michiel},
  journal={Computational Geometry},
  volume={60},
  pages={8--18},
  year={2017},
  publisher={Elsevier}
}
@article{fowler1981optimal,
  title={Optimal packing and covering in the plane are NP-complete},
  author={Fowler, Robert J and Paterson, Michael S and Tanimoto, Steven L},
  journal={Information processing letters},
  volume={12},
  number={3},
  pages={133--137},
  year={1981},
  publisher={Elsevier}
}
@article{gonzalez1991covering,
  title={Covering a set of points in multidimensional space},
  author={Gonzalez, Teofilo F},
  journal={Information processing letters},
  volume={40},
  number={4},
  pages={181--188},
  year={1991},
  publisher={Elsevier}
}
@article{bronnimann1995almost,
  title={Almost optimal set covers in finite VC-dimension},
  author={Br{\"o}nnimann, Herv{\'e} and Goodrich, Michael T},
  journal={Discrete \& Computational Geometry},
  volume={14},
  number={4},
  pages={463--479},
  year={1995},
  publisher={Springer}
}
@article{franceschetti2001geometric,
  title={A geometric theorem for approximate disk covering algorithms},
  author={Franceschetti, Massimo and Cook, Matthew and Bruck, Jehoshua},
  year={2001},
  publisher={California Institute of Technology}
}
@inproceedings{fu2007almost,
  title={An almost linear time 2.8334-approximation algorithm for the disc covering problem},
  author={Fu, Bin and Chen, Zhixiang and Abdelguerfi, Mahdi},
  booktitle={International Conference on Algorithmic Applications in Management},
  pages={317--326},
  year={2007},
  organization={Springer}
}
@article{liu2014fast,
  title={A fast 25/6-approximation for the minimum unit disk cover problem},
  author={Liu, Paul and Lu, Daniel},
  journal={arXiv},
  year={2014}
}
@article{imanparast2020simple,
  title={A simple greedy approximation algorithm for the unit disk cover problem},
  author={Imanparast, Mahdi and Hashemi, Seyed Naser},
  journal={AUT Journal of Mathematics and Computing},
  volume={1},
  number={1},
  pages={47--55},
  year={2020},
  publisher={Amirkabir University of Technology}
}
@inproceedings{ghosh2019unit,
  title={Unit disk cover for massive point sets},
  author={Ghosh, Anirban and Hicks, Brian and Shevchenko, Ronald},
  booktitle={International Symposium on Experimental Algorithms},
  pages={142--157},
  year={2019},
  organization={Springer}
}
@article{dumitrescu2020online,
  title={Online unit covering in Euclidean space},
  author={Dumitrescu, Adrian and Ghosh, Anirban and T{\'o}th, Csaba D},
  journal={Theoretical Computer Science},
  volume={809},
  pages={218--230},
  year={2020},
  publisher={Elsevier}
}
@article{bentley1980decomposable,
  title={Decomposable searching problems I. Static-to-dynamic transformation},
  author={Bentley, Jon Louis and Saxe, James B},
  journal={Journal of Algorithms},
  volume={1},
  number={4},
  pages={301--358},
  year={1980},
  publisher={Elsevier}
}
@article{friederich2022experiments,
  title={Experiments with Unit Disk Cover Algorithms for Covering Massive Pointsets},
  author={Friederich, Rachel and Graham, Matthew and Ghosh, Anirban and Hicks, Brian and Shevchenko, Ronald},
  journal={arXiv},
  year={2022}
}